% books.bib : referencer til lærebøger
% ------------------------------------------------------------------------------


@Book{calcV1,
  author    = {Adams, Robert A and Essex, Christopher},
  title     = {Calculus Volume 1},
  publisher = {Pearson},
  year      = {2020},
  edition   = {9th}
}

@Book{calcV2,
  author    = {Adams, Robert A and Essex, Christopher},
  title     = {Calculus Volume 2},
  publisher = {Pearson},
  year      = {2020},
  edition   = {9th}
}

